<record xmlns="http://www.loc.gov/MARC21/slim" xmlns:xsi="http://www.w3.org/2001/XMLSchema-instance" xsi:schemaLocation="http://www.loc.gov/MARC21/slim http://www.loc.gov/standards/marcxml/schema/MARC21slim.xsd"><leader>00037nz   2200037n  4500</leader><controlfield tag="001">DNB|102513716</controlfield><controlfield tag="003">DNB</controlfield><controlfield tag="005">20061123231208.0</controlfield><controlfield tag="008">940729|||az|nnaa|||||||||||| a|aaa|||| d</controlfield><datafield ind1="7" ind2=" " tag="016"><subfield code="a">102513716</subfield><subfield code="2">GyFmDB</subfield></datafield><datafield ind1=" " ind2=" " tag="040"><subfield code="a">0012</subfield><subfield code="b">ger</subfield><subfield code="d">9999</subfield><subfield code="f">RAK-PND</subfield></datafield><datafield ind1="0" ind2=" " tag="100"><subfield code="a">Mavortius</subfield><subfield code="d">um 527</subfield></datafield><datafield ind1="1" ind2=" " tag="400"><subfield code="a">Mavortius, Flavius Vettius Agorius Basilius</subfield><subfield code="d">um 527</subfield></datafield><datafield ind1="1" ind2=" " tag="400"><subfield code="a">Vettius Agorius Basilius Mavortius, Flavius</subfield><subfield code="d">um 527</subfield></datafield><datafield ind1="1" ind2=" " tag="400"><subfield code="a">Agorius Basilius Mavortius, Flavius Vettius</subfield><subfield code="d">um 527</subfield></datafield><datafield ind1="1" ind2=" " tag="400"><subfield code="a">Basilius Mavortius, Flavius Vettius Agorius</subfield><subfield code="d">um 527</subfield></datafield><datafield ind1="0" ind2=" " tag="400"><subfield code="a">Mavortius,</subfield><subfield code="c">Poète Africain</subfield><subfield code="d">um 527</subfield></datafield><datafield ind1="0" ind2=" " tag="400"><subfield code="a">Flavius Vettius Agorius Basilius,</subfield><subfield code="c">Mavortius</subfield><subfield code="d">um 527</subfield></datafield><datafield ind1=" " ind2=" " tag="670"><subfield code="a">LMA,VI,417</subfield></datafield></record>